
@misc {OverleafBibliographyManagement,
   url = {https://www.overleaf.com/learn/latex/Bibliography_management_with_bibtex},
   year = {2025},
   title = {Bibliography Management with bibtex},
   author = {Overleaf},
   note = {accessed 2025-02-11},
}


@misc {WikipediaBibtex,
   url = {https://en.wikipedia.org/wiki/BibTeX},
   year = {2025},
   title = {BibTeX},
   author = {Wikipedia},
   note = {accessed 2025-02-11},
}

@misc {journal,
   url = {https://doi.org/10.1080/24699322.2023.2187275},
   year = {2023},
   title = {Robotic colorectal surgery: Quality assessment of patient information available on the internet using webscraping. Computer Assisted Surgery},
   author = {Taha, A., Taha-Mehlitz, S., Bach, L., Ochs, V., Bardakcioglu, O., Honaker, M. D., & Cattin, P. C.},
   note = {accessed 2025-03-4},
}
@misc {conference,
   url = {doi: 10.1109/IC3IoT60841.2024.10550225.},
   year = {2024},
   title = {"A Comprehensive WebScraping of IMDbâ€™s Top 50 Movies using Beautiful Soup," 2024 International Conference on Communication, Computing and Internet of Things},
   author = {A. Anbu, D. Doreen Hephzibah Miriam and C. R. Rene Robin},
   note = {accessed 2025-03-4},
}

